@article{le2021surface,
  title={Surface waves along liquid cylinders. Part 2. Varicose, sinuous, sloshing and nonlinear waves},
  author={Le Doudic, Gabriel and Perrard, St{\'e}phane and Pham, Chi-Tuong},
  journal={Journal of Fluid Mechanics},
  volume={923},
  year={2021},
  publisher={Cambridge University Press}
}
